

\usepackage[spanish]{babel}

@book{eve,
   title =     {Metodo de parametrización: Variedades estables e inestables en mapeos Hamiltonianos de dos dimensiones.},
   author =    {E. Alvarez},
   publisher = {Universidad Nacional Aut\'onoma de M\'exico},
   isbn =      {},
   year =      {2019}
}   

@misc{Mireles,
  author={J.D Mireles James},
  title={Elementary Example of the Parametrization Method; Stable and Unstable Manifolds of the Standard Map},
  pages={48},
  year={2007},
  howpublished={\url{http://cosweb1.fau.edu/~jmirelesjames/standardMapNotes.pdf}}
}



@book{Haro,
   title =     {The Parameterization Method for Invariant Manifolds},
   author =    {Á. Haro and M. Canadell and J. Figueras and A. Luque y J. Mondelo},
   publisher = {Springer},
   isbn =      {978-3-319-29660-9},
   year =      {2010},
   series =    {Applied Mathematical Sciences },
   edition=   {1},
   volume =    {195}
  
}

@book{Meyer,
   title =     {Introduction to Hamiltonian Dynamical Systems and the N-Body Poblem},
   author =    {Kenneth R. Meyer and Glen R. Hall and Dan Offin },
   publisher = {Springer},
   isbn =      {978-0-387-09723-7},
   year =      {2009},
   series =    {Applied Mathematical Sciences},
   edition =   {2nd},
   volume =    {90}
}


@book{gerald,
   title =     {Ordinary Differential Equations and Dynamical Systems},
   author =    {Gerald Teschl},
   publisher = {American Mathematical Society Providence, Rhode Island },
   isbn =      {},
   year =      {2011},
   series =    {Graduate Studies in Mathematics},
   edition =   {1},
   volume =    {}
   }
   
@book{Meiss,
   title =     {Differential Dynamical Systems},
   author =    {James D. Meiss},
   publisher = {Society for Industrial and Applied Mathematics ,Philadelphia },
   isbn =      {978-0-898716-35-1},
   year =      {2007},
   series =    {Mathematical modeling and computation},
   edition =   {1},
   volume =    {14}
   }
   

@article{Juergen,
  title={On the {H}artman--{G}robman theorem for maps},
  author={Juergen Quandt},
  journal={Journal of Differential Equations},
  volume={64},
  year={1986},
  pages={154-164}
}

@article{GreeneA,
  title={A method for determining a stochastic transition},
  author={J. M. Greene},
  journal={Journal of Mathematical Physics},
  volume={20},
  year={1979},
  pages={1183-1201}
}

@article{Olvera,
  title={An obstruction method for the destruction of invariant curves},
  author={A. Olvera and C. Sim\'o},
  journal={Physica D},
  volume={20},
  year={},
  pages={181-192}
}

@article{Cabre,
  title={The parametrization method for invariant manifolds III: overview and applications},
  author={X. Cabr\'e and E. Fontich and R. De la LLave},
  journal={Journal of differential equations},
  volume={218},
  year={2005},
  pages={444-515}
}

@article{CarlesSimo,
  title={Some questions looking for answers in dynamical systems},
  author={C. Sim\'o},
  journal={Discrete and continuous dynamical systems},
  volume={38},
  year={2018},
  pages={6215-6239}
}

@article{Berretti,
  title={Periodic and quasi-periodic orbits for the standard map},
  author={A. Berretti and G. Gentile},
  journal={Commun. Math. Phys.},
  volume={231},
  year={2002},
  pages={135-156}
}

@article{Devaney3,
  title={Reversible diffeomorphism and flows},
  author={R.L. Devaney},
  journal={Transactions of the American Mathematical Society},
  volume={218},
  year={1976},
  pages={89-113}
}

@article{Renato,
  title={A new method to compute periodic orbits in general symplectic maps},
  author={R. Calleja and D. del-Castillo-Negrete and D. Martinez del Rio and A. Olvera},
  journal={ResearchGate},
  volume={38},
  year={2020},
  pages={}
}

@article{Negrete,
  title={Area preserving nontwist maps: periodic orbits and transition to chaos},
  author={D. del-Castillo-Negrete and J.M. Greene and  P.J. Morrison},
  journal={Physica D},
  volume={91},
  year={1996},
  pages={1-23}
}

@article{Tomoki,
  title={Discrete {H}amilton-{J}acobi Theory},
  author={T. Ohsawa and A. M. Bloch and M. Leok},
  journal={SIAM J. Control Optim},
  volume={49},
  year={3009},
  pages={1822-1856}
}


@book{Ott,
   title =     {Chaos in Dynamical Systems},
   author =    {Edward Ott},
   publisher = {Cambridge University Press},
   isbn =      {0 521 43215 4},
   year =      {1993},
   edition =   {5th}
   }
   

   
@book{gold,
   title =     {Classical {M}echanics},
   author =    {Herbert Goldstein and Charles P. Poole and John L. Safko},
   publisher = {Addison-Wesley},
   isbn =      {},
   year =      {2000},
   series =    {},
   edition =   {3},
   volume =    {},
   url =       {http://gen.lib.rus.ec/book/index.php?md5=469A759FFE894115B1F726F76ED91BF9}}
   


@book{arnold,
   title =     {Mathematical Methods of Classical Mechanics},
   author =    {Vladimir I. Arnol'd },
   publisher = {Springer-Verlag},
   isbn =      {0-387-96890-3},
   year =      {1992},
   series =    {Analytic Mechanics },
   edition =   {2nd},
   volume =    {1}
} 
@book{arn,
   title =     {Ordinary Differential Equations},
   author =    {Vladimir I. Arnol'd and Roger Cooke},
   publisher = { Springer-Verlag},
   isbn =      {9780387548135},
   year =      {1991}
}
   
@book{hale,
   title =     {Ordinary Differential Equations  },
   author =    {Jack K. Hale},
   publisher = {Krieger Pub Co},
   isbn =      {0898740118,9780898740110},
   year =      {1980}   
}


@book{ver,
   title =     {Nonlinear Differential Equations and Dynamical Systems},
   author =    {Ferdinand Verhulst},
   publisher = {Springer},
   isbn =      {0387506284,9780387506289},
   year =      {1985}
}

@book{devaney,
   title =     {An Introduction to Chaotic Dynamical Systems},
   author =    {Robert L. Devaney},
   publisher = {Adyson-Wesley},
   isbn =      {0201130467},
   year =      {1989},
   edition =   {2nd}
} 

@book{devaney2,
   title =     {Ecuaciones diferenciales},
   author =    {Paul Banchard and Robert L. Devaney  and  Glen R. Hall},
   publisher = {Thomson},
   isbn =      {0534345506},
   year =      {1998},
   edition =   {1th}
} 



@book{marion,
   title =     {Classical Dynamics of Particles and Systems},
   author =    {Stephen T. Thornton and Jerry B. Marion},
   publisher = {Thomson},
   isbn =      {0534408966},
   year =      {2004},
   edition =   {5th}
} 


@misc{static,
	title = {Static {A}rrays (paquete de Julia)},
	howpublished = {\url{https://github.com/JuliaArrays/StaticArrays.jl}},
	note	 = {v0.7.2}
}

@misc{root,
	title = {Interval {R}oot {F}inding (paquete de Julia)},
	howpublished = {\url{https://github.com/JuliaIntervals/IntervalRootFinding.jl}}
}

@misc{TaylorSeries,
	title = {Taylor {S}eries (paquete de Julia)},
	howpublished = {\url{https://github.com/JuliaDiff/TaylorSeries.jl}}
}

@misc{JuliaDiff,
	title = {Julia {D}iff (paquete de Julia)},
	howpublished = {\url{https://github.com/JuliaDiff}}
}


   
@misc{Mateo,
	title = {Invariant Manifolds of Dynamical Systems and an application to Space Exploration},
    author={Mateo Wirth},
	howpublished={\url{http://pi.math.cornell.edu/~templier/junior/final_paper/Mateo_Wirth.pdf}}
}
@book{book:Calvin,
   title =     {Discrete Hamiltonian Systems: Difference Equations, Continued Fractions, and Riccati Equations},
   author =    {Calvin D. Ahlbrandt and Allan C. Peterson (auth.)},
   publisher = {Springer US},
   isbn =      {978-1-4419-4763-5,978-1-4757-2467-7},
   year =      {1996},
   series =    {Kluwer Texts in the Mathematical Sciences 16},
   edition =   {1},
   volume =    {},
   url =       {http://gen.lib.rus.ec/book/index.php?md5=BFD00DC6BB2A1D129E5F0A6103C6A75D}
}


@book{Ying,
   title =     {Transient Chaos},
   author =    {Ying-Cheng Lai and Tamás Tél},
   publisher = {Springer},
   isbn =      {978-1-4419-6986-6},
   year =      {2010},
   series =    {Applied Mathematical Sciences },
   edition =   {1},
   volume =    {173}
  
}

